24600000         201561279000145CC019070022358230000CC019070022358230000BOMIX INDUSTRIA DE EMBALAGENS BCO ABC BRASIL                          10909202110245500013804000000                                                      000            
24600011R01  030 2001561279000145CC019070022358230000CC019070022358230000BOMIX INDUSTRIA DE EMBALAGENS                                                                                 000001380909202100000000                                 
2460001300001P 01CC0190700223582300005000001000000000000011211001  000385550 3010202100000001406764800000002N1007202113010202100000000004220300000000000000000000000000000000000000000000000000000000000000000000000000000003002000090000000000 
2460001300002Q 012007206816002835M DIAS BRANCO S.A. IND E COM  ALIMENTOS RUAJOAOCORDEIRO588CEP60110300           MUCURIPE       60180560FORTALEZA      CE0000000000000000                                        000                            
2460001300003Y 01520000000003855500000000140676481007202129210701561279000145550010003859541156738807               0000000000000000000000000000000000000000000000000000000000000000000                                                         
2460001300004P 01CC0190700223582300005000001000000000000011211001  000385599 3010202100000001338750000000002N1307202113010202100000000004016300000000000000000000000000000000000000000000000000000000000000000000000000000003002000090000000000 
2460001300005Q 012007206816002835M DIAS BRANCO S.A. IND E COM  ALIMENTOS RUAJOAOCORDEIRO588CEP60110300           MUCURIPE       60180560FORTALEZA      CE0000000000000000                                        000                            
2460001300006Y 01520000000003855990000000133875001307202129210701561279000145550010003859541156738807               0000000000000000000000000000000000000000000000000000000000000000000                                                         
2460001300007P 01CC0190700223582300005000001000000000000011211001  000385689 1511202100000001406764800000002N1607202111511202100000000004220300000000000000000000000000000000000000000000000000000000000000000000000000000003002000090000000000 
2460001300008Q 012007206816002835M DIAS BRANCO S.A. IND E COM  ALIMENTOS RUAJOAOCORDEIRO588CEP60110300           MUCURIPE       60180560FORTALEZA      CE0000000000000000                                        000                            
2460001300009Y 01520000000003856890000000140676481607202129210701561279000145550010003859541156738807               0000000000000000000000000000000000000000000000000000000000000000000                                                         
2460001300010P 01CC0190700223582300005000001000000000000011211001  000385720 1511202100000001406764800000002N1707202111511202100000000004220300000000000000000000000000000000000000000000000000000000000000000000000000000003002000090000000000 
2460001300011Q 012007206816002835M DIAS BRANCO S.A. IND E COM  ALIMENTOS RUAJOAOCORDEIRO588CEP60110300           MUCURIPE       60180560FORTALEZA      CE0000000000000000                                        000                            
2460001300012Y 01520000000003857200000000140676481707202129210701561279000145550010003859541156738807               0000000000000000000000000000000000000000000000000000000000000000000                                                         
2460001300013P 01CC0190700223582300005000001000000000000011211001  000385735 1511202100000001338750000000002N1707202111511202100000000004016300000000000000000000000000000000000000000000000000000000000000000000000000000003002000090000000000 
2460001300014Q 012007206816002835M DIAS BRANCO S.A. IND E COM  ALIMENTOS RUAJOAOCORDEIRO588CEP60110300           MUCURIPE       60180560FORTALEZA      CE0000000000000000                                        000                            
2460001300015Y 01520000000003857350000000133875001707202129210701561279000145550010003859541156738807               0000000000000000000000000000000000000000000000000000000000000000000                                                         
2460001300016P 01CC0190700223582300005000001000000000000011211001  000385758 1511202100000001406764800000002N1907202111511202100000000004220300000000000000000000000000000000000000000000000000000000000000000000000000000003002000090000000000 
2460001300017Q 012007206816002835M DIAS BRANCO S.A. IND E COM  ALIMENTOS RUAJOAOCORDEIRO588CEP60110300           MUCURIPE       60180560FORTALEZA      CE0000000000000000                                        000                            
2460001300018Y 01520000000003857580000000140676481907202129210701561279000145550010003859541156738807               0000000000000000000000000000000000000000000000000000000000000000000                                                         
2460001300019P 01CC0190700223582300005000001000000000000011211001  000385850 1511202100000001406764800000002N2007202111511202100000000004220300000000000000000000000000000000000000000000000000000000000000000000000000000003002000090000000000 
2460001300020Q 012007206816002835M DIAS BRANCO S.A. IND E COM  ALIMENTOS RUAJOAOCORDEIRO588CEP60110300           MUCURIPE       60180560FORTALEZA      CE0000000000000000                                        000                            
2460001300021Y 01520000000003858500000000140676482007202129210701561279000145550010003859541156738807               0000000000000000000000000000000000000000000000000000000000000000000                                                         
2460001300022P 01CC0190700223582300005000001000000000000011211001  000385875 3010202100000001338750000000002N2107202113010202100000000004016300000000000000000000000000000000000000000000000000000000000000000000000000000003002000090000000000 
2460001300023Q 012007206816002835M DIAS BRANCO S.A. IND E COM  ALIMENTOS RUAJOAOCORDEIRO588CEP60110300           MUCURIPE       60180560FORTALEZA      CE0000000000000000                                        000                            
2460001300024Y 01520000000003858750000000133875002107202129210701561279000145550010003859541156738807               0000000000000000000000000000000000000000000000000000000000000000000                                                         
2460001300025P 01CC0190700223582300005000001000000000000011211001  000385894 1511202100000001406764800000002N2207202111511202100000000004220300000000000000000000000000000000000000000000000000000000000000000000000000000003002000090000000000 
2460001300026Q 012007206816002835M DIAS BRANCO S.A. IND E COM  ALIMENTOS RUAJOAOCORDEIRO588CEP60110300           MUCURIPE       60180560FORTALEZA      CE0000000000000000                                        000                            
2460001300027Y 01520000000003858940000000140676482207202129210701561279000145550010003859541156738807               0000000000000000000000000000000000000000000000000000000000000000000                                                         
2460001300028P 01CC0190700223582300005000001000000000000011211001  000385954 3011202100000001406764800000002N2407202113011202100000000004220300000000000000000000000000000000000000000000000000000000000000000000000000000003002000090000000000 
2460001300029Q 012007206816002835M DIAS BRANCO S.A. IND E COM  ALIMENTOS RUAJOAOCORDEIRO588CEP60110300           MUCURIPE       60180560FORTALEZA      CE0000000000000000                                        000                            
2460001300030Y 01520000000003859540000000140676482407202129210701561279000145550010003859541156738807               0000000000000000000000000000000000000000000000000000000000000000000                                                         
24600015         00002200000000000000000000000000000000000000000000000000000000000000000000000000000000000000000000                                                                                                                             
24699999         000001000024000000                                                                                                                                                                                                             
