34100000      080201561279000145                    07225 000000001621 6BOMIX INDUSTRIA DE EMBALAGENS BANCO ITAU                              11507202110095700000000000000                                                                     
34100011C2030030 201561279000145                    07225 000000001621 6BOMIX INDUSTRIA DE EMBALAGENS                                         VIA IPITANGA  434             00000               SIMOES FILHO        43700000BA                  
3410001300001J00034193868900001428001570004005311510641002000KAIZEN USINAGEM EIRELI - ME   22072021000000000142800000000000000000000000000000000220720210000000001428000000000000000000000005481                                                
3410001300002J000522001561279000145BOMIX INDUSTRIA DE EMBALAGENS           2022129587000176KAIZEN USINAGEM EIRELI - ME             2                                                                                                            
3410001300003J00034192868900000729251570004037377421020509000BOSQUE COMERCIO DE PLANTAS LTD22072021000000000072925000000000000000000000000000000220720210000000000729250000000000000000000005482                                                
3410001300004J000522001561279000145BOMIX INDUSTRIA DE EMBALAGENS           2013202593000110BOSQUE COMERCIO DE PLANTAS LTDA.        2                                                                                                            
3410001300005J00034191868900002040391090034549329103222379000VENETOSUL TRANSPORTES LTDA    22072021000000000204039000000000000000000000000000000220720210000000002040390000000000000000000005483                                                
3410001300006J000522001561279000145BOMIX INDUSTRIA DE EMBALAGENS           2093949899000174VENETOSUL TRANSPORTES LTDA              2                                                                                                            
3410001300007J00034191868900001121501578125647102938213382000TOTVS  S.A                    22072021000000000112150000000000000000000000000000000220720210000000001121500000000000000000000005484                                                
3410001300008J000522001561279000145BOMIX INDUSTRIA DE EMBALAGENS           2053113791001790TOTVS  S.A                              2                                                                                                            
3410001300009J00034191868900001578741090059407852938213382000TOTVS  S.A                    22072021000000000157874000000000000000000000000000000220720210000000001578740000000000000000000005485                                                
3410001300010J000522001561279000145BOMIX INDUSTRIA DE EMBALAGENS           2053113791001790TOTVS  S.A                              2                                                                                                            
34100015         000012000000000000689788000000000000000000                                                                                                                                                                                     
34100021C2031030 201561279000145                    07225 000000001621 6BOMIX INDUSTRIA DE EMBALAGENS                                         VIA IPITANGA  434             00000               SIMOES FILHO        43700000BA                  
3410002300001J00023794868900008100003646090000000032000735950EDMACSON TAVARES SANTOS       22072021000000000810000000000000000000000000000000000220720210000000008100000000000000000000000005486                                                
3410002300002J000522001561279000145BOMIX INDUSTRIA DE EMBALAGENS           2027284483000150EDMACSON TAVARES SANTOS                 2                                                                                                            
3410002300003J00000196868900000055380000003255890000000205917MILANI TRANSPORTES LTDA       22072021000000000005538000000000000000000000000000000220720210000000000055380000000000000000000005487                                                
3410002300004J000522001561279000145BOMIX INDUSTRIA DE EMBALAGENS           2054769765000110MILANI TRANSPORTES LTDA                 2                                                                                                            
3410002300005J00074891868900012800001121100588102111549925100MAQUINAS OMIL LTDA            22072021000000001280000000000000000000000000000000000220720210000000012800000000000000000000000005488                                                
3410002300006J000522001561279000145BOMIX INDUSTRIA DE EMBALAGENS           2084148485000155MAQUINAS OMIL LTDA                      2                                                                                                            
34100025         000008000000000002095538000000000000000000                                                                                                                                                                                     
34199999         000002000022                                                                                                                                                                                                                   
