34100000      080201561279000145                    07225 000000001621 6BOMIX INDUSTRIA DE EMBALAGENS BANCO ITAU S/A                          22007202102022700592508006250                                                                     
34100011C2031080 201561279000145                    07225 000000001621 6BOMIX INDUSTRIA DE EMBALAGENS                                         VIA IPITANGA  434             00000               SIMOES FILHO        43700000BA                  
3410001300001J00010497868400003500007308299000100040000037722MIX MADEIREIRA LTDA - ME      19072021000000000350000000000000000000000000000000000190720210000000003500000000000000000000000005441                    00024773537900002300        
3410001300002J00003393868400001902999117951900000000236120101MADEIRAS E TELHAS LTDA        19072021000000000190299000000000000000000000000000000190720210000000001902990000000000000000000005442                       24773537900004900        
3410001300003J00000198868600001775230000003255890000000203517MILANI TRANSPORTES LTDA       19072021000000000177523000000000000000000000000000000190720210000000001775230000000000000000000005443                       24773537900006400        
3410001300004J00000191868600002842440000003255890000000203617MILANI TRANSPORTES LTDA       19072021000000000284244000000000000000000000000000000190720210000000002842440000000000000000000005444                       24773537900008000        
3410001300005J00000197868600000055380000003255890000000203417MILANI TRANSPORTES LTDA       19072021000000000005538000000000000000000000000000000190720210000000000055380000000000000000000005445                       24773537900010600        
3410001300006J00000191868600004627730000002088146000005260917AIDC TECNOLOGIA LTDA          19072021000000000462773000000000000000000000000000000190720210000000004627730000000000000000000005446                       24773537900012200        
3410001300007J00003391868500011820009818854800000002387670101TERWAL MAQUINAS LTDA          19072021000000001182000000000000000000000000000000000190720210000000011820000000000000000000000005447                       24773537900014800        
3410001300008J00074897868600004869281121228496126022301763100CRISTAL MASTER IND E COMERCIO 19072021000000000486928000000000000000000000000000000190720210000000004869280000000000000000000005448                       24773537900016300        
3410001300009J00010491868600001200001100504000100040002001199LABORATORIO ANAL.CLI .JAIME F.19072021000000000120000000000000000000000000000000000190720210000000001200000000000000000000000005449                       24773537900018900        
34100015         000011000000000003259305000000000000000000                                                                                                                                                                                     
34100021C2030080 201561279000145                    07225 000000001621 6BOMIX INDUSTRIA DE EMBALAGENS                                         VIA IPITANGA  434             00000               SIMOES FILHO        43700000BA                  
3410002300001J00034198868600001282201094452471733214585980000PARAFUSOS CRESPO LTDA         19072021000000000128220000000000000000000000000000000190720210000000001282200000000000000000000005437                    00044798263000002400        
3410002300002J00034194868600015076501565805905240334538410000FABRICA DE PAPEL DA BAHIA SA  19072021000000001507650000000000000000000000000000000190720210000000015076500000000000000000000005438                       44798263000004000        
3410002300003J00034192868600003550051565805905650334538410000FABRICA DE PAPEL DA BAHIA SA  19072021000000000355005000000000000000000000000000000190720210000000003550050000000000000000000005439                       44798263000006500        
3410002300004J00034195868600003110621565805906310334538410000FABRICA DE PAPEL DA BAHIA SA  19072021000000000311062000000000000000000000000000000190720210000000003110620000000000000000000005440                       44798263000008100        
34100025         000006000000000002301937000000000000000000                                                                                                                                                                                     
34199999         000002000019000000                                                                                                                                                                                                             
